@TechReport{tsl2591_datasheet,
	author = {Adafruit},
	title = {TSL2591 Datasheet - Apr. 2013 - ams163.5},
	institution = {Adafruit},
	year = {2013},
	url = {https://cdn-shop.adafruit.com/datasheets/TSL25911_Datasheet_EN_v1.pdf},
}

@TechReport{ir_datasheet,
	author = {Fairchild Semiconductor Corporation},
	title = {PHOTOTRANSISTOR REFLECTIVE OBJECT SENSOR},
	institution = {Fairchild Semiconductor Corporation},
	year = {2002},
	url = {https://www.sparkfun.com/datasheets/Sensors/QRB1114.pdf},
}

@ONLINE {light_spectrum,
    author = "Horst Frank / Phrood / Anony",
    title  = "Electromagnetic Wave Spectrum. Colorimetrically more correct version of Image:Electromagnetic spectrum.svg, based on Image:Spectrum-sRGB-low.svg",
    year   = "15 Feb 2005 / 13 Jan 2008 / 17 Mar 2008",
    url    = "https://upload.wikimedia.org/wikipedia/commons/1/15/Electromagnetic_spectrum_c.svg"
}

@ONLINE {sensor_ir_schaltung,
    author = "Adafruit",
    title  = "Beispielhafte Verwendung des IRs",
    url    = "https://cdn-shop.adafruit.com/product-files/2349/pid2349.png"
}